<?xml version="1.0" encoding="UTF-8"?><record xmlns="http://www.loc.gov/MARC21/slim" xmlns:cinclude="http://apache.org/cocoon/include/1.0" xmlns:zs="http://www.loc.gov/zing/srw/">
  <leader>00853nz  a2200169n  4500</leader>
  <controlfield tag="001">n 2013201234</controlfield>
  <controlfield tag="003">DLC</controlfield>
  <controlfield tag="005">20131126130538.0</controlfield>
  <controlfield tag="008">131126n| azannaabn          |a ana      </controlfield>
  <datafield tag="010" ind1=" " ind2=" ">
    <subfield code="a">n 2013201234</subfield>
  </datafield>
  <datafield tag="040" ind1=" " ind2=" ">
    <subfield code="a">DLC</subfield>
    <subfield code="b">eng</subfield>
    <subfield code="c">DLC</subfield>
    <subfield code="e">rda</subfield>
  </datafield>
  <datafield tag="046" ind1=" " ind2=" ">
    <subfield code="s">2009-11</subfield>
    <subfield code="t">2009-11</subfield>
  </datafield>
  <datafield tag="111" ind1="2" ind2=" ">
    <subfield code="a">Simpósio Nacional de Letras e Lingüística</subfield>
    <subfield code="n">(12th :</subfield>
    <subfield code="d">2009 :</subfield>
    <subfield code="c">Universidade Federal de Uberlândia. Instituto de Letras e Lingüística)</subfield>
  </datafield>
  <datafield tag="373" ind1=" " ind2=" ">
    <subfield code="a">Universidade Federal de Uberlândia. Instituto de Letras e Lingüística</subfield>
    <subfield code="2">naf</subfield>
  </datafield>
  <datafield tag="377" ind1=" " ind2=" ">
    <subfield code="a">por</subfield>
  </datafield>
  <datafield tag="411" ind1="2" ind2=" ">
    <subfield code="a">SIBEL</subfield>
    <subfield code="n">(12th :</subfield>
    <subfield code="d">2009 :</subfield>
    <subfield code="c">Universidade Federal de Uberlândia. Instituto de Letras e Lingüística)</subfield>
  </datafield>
  <datafield tag="670" ind1=" " ind2=" ">
    <subfield code="a">Literatura, crítica, leitura, 2011:</subfield>
    <subfield code="b">front flap (XII SIBEL--Simpósio Nacional de Letras e Linguística; held at Instituto de Letras e Linguística da Univ. Federal de Uberlândia, Nov. 2009)</subfield>
  </datafield>
</record>